%% This BibTeX bibliography file was created using BibDesk.
%% http://bibdesk.sourceforge.net/


%% Created for Shiyu Dong at 2014-05-04 15:46:34 -0500 


%% Saved with string encoding Unicode (UTF-8) 



@inproceedings{pthread-web,
	Booktitle = {https://computing.llnl.gov/tutorials/pthreads/exercise.html},
	Date-Modified = {2014-05-04 20:46:31 +0000},
	Title = {POSIX Threads Programming Exercise}}
