% ---------------------------------------------------------------------------------
% BIBLIOGRAPHY FILE for Chengqing Li's publications
% Made by Li Chengqing, Dec. 2004
% ---------------------------------------------------------------------------------
@STRING{LNCS={\textit{Lecture Notes in Computer Science}}}

@INPROCEEDINGS{Li:AttackingCNN2004,
  author =       {Chengqing Li and Shujun Li and Dan Zhang and Guanrong Chen},
  title =        {Cryptanalysis of a Chaotic Neural Network Based Multimedia Encryption Scheme},
  year =         {2004},
  series =       LNCS # {~\textbf{3333}},
  pages =        {418--425},
  publisher =    {Springer-Verlag}, 
}

@INPROCEEDINGS{Li:AttackingMES2004,
  author =       {Chengqing Li and Xinxiao Li and Shujun Li and Guanrong Chen},
  title =        {Cryptanalysis of a Multistage Encryption System},
  booktitle =    {Proceedings of 2005 IEEE Int. Symposium on Circuits and Systems},
  year =         {2005},
  pages =        {880--883},  
}

@ARTICLE{Li:AttackTDCEA2005,
  author =       {Chengqing Li and Shujun Li and Guanrong Chen and Gang Chen and Lei Hu},
  title =        {Cryptanalysis of a New Signal Security System for Multimedia Data Transmission},
  journal =      {EURASIP J. on Applied Signal Processing},
  year =         {2005},
  volume =       {2005},
  number =       {8},
  pages =        {1277--1288}, 
}

@INPROCEEDINGS{Li:AttackingISNN2005,
  author =       {Chengqing Li and Shujun Li and Dan Zhang and Guanrong Chen},
  title =        {Chosen-Plaintext Cryptanalysis of a Clipped-Neural-Network-Based Chaotic Cipher},
  year =         {2005},
  series =       LNCS # {~\textbf{3497}},
  pages =        {630--636},
  publisher =    {Springer-Verlag},  
}

@MASTERSTHESIS{Lcq:MasterThesis2005,
  AUTHOR =       {Chengqing Li},
  TITLE =        {Cryptanalyses of Some Multimedia Encryption Schemes},
  SCHOOL =       {Department of Mathematics, Zhejiang University},
  YEAR =         {2005},
  address =      {Hangzhou, China},
  month =        {May},
  note =         {available online at \url{http://eprint.iacr.org/2006/340}},
}

@ARTICLE{Li:AttackDSEA2006,
  author =       {Chengqing Li and Shujun Li and Der-Chyuan Lou},
  title =        {On the Security of the {Yen-Guo's} Domino Signal Encryption Algorithm ({DSEA})},
  journal =      {Elsevier Journal of Systems and Software},
  year =         {2006},
  Volume=        {79},
  number =       {2},
  pages =        {253-258}, 
}

@ARTICLE{Li:AttackHDSP2006,
  author =       {Chengqing Li and Shujun Li and Dan Zhang and Guanrong Chen},
  title =        {Cryptanalysis of a data security protection scheme for {VoIP}},
  journal =      {IEE Proceedings-Vis. Image Signal Process},
  year =         {2006},
  Volume=        {153},
  number =       {1},
  pages =        {1-10},  
}

@ARTICLE{Li:AttackJEI2006,
  author =       {Shujun Li and Chengqing Li and  Kwok-Tung Lo and Guanrong Chen},
  title =        {Cryptanalysis of an Image Encryption Scheme},
  journal =      {Journal of Electronic Imaging},
  year =         {2006},
  Volume=        {15},
  number =       {4},
  pages =        {article number 043012},  
}

@ARTICLE{Li:AttackingBitshiftXOR2007,
  author =       {Chengqing Li and Shujun Li and Gonzalo \'{A}lvarez and Guanrong Chen and Kwok-Tung Lo},
  title =        {Cryptanalysis of two chaotic encryption schemes based on circular bit shift and XOR operations},
  journal =      {Physics Letters A},
  year =         {2007},
  Volume=        {369},
  number =       {1-2},
  pages =        {23-30},  
}

@MISC{Li:AttackingCNSNS2006,
  author =       {Chengqing Li and Shujun Li and Gonzalo \'{A}lvarez and Guanrong Chen and Kwok-Tung Lo},
  title =        {Cryptanalysis of a chaotic block cipher with external key and its improved version},
  howpublished = {Chaos, Solitons \& Fractals, in press, doi:10.1016/j.chaos.2006.08.025},
  year =         {2006},
}

@MISC{Li:AttackingRCES2004,
  author =       {Shujun Li and Chengqing Li and Guanrong Chen and Xuanqin Mou},
  title =        {Cryptanalysis of the {RCES/RSES} Image Encryption Scheme},
  howpublished = {Elsevier Journal of Systems and Software, in press, doi:10.1016/j.jss.2007.07.037},
  year =         {2007},
}

@MISC{Li:AttackingPOMC2004,
  author =       {Shujun Li and Chengqing Li and Guanrong Chen and Nikolaos G. Bourbakis},
  title =        {A General Cryptanalysis of Permutation-Only Multimedia Encryption Algorithms},
  howpublished = {Cryptology ePrint Archive: Report 2004/374, available online at \url{http://eprint.iacr.org/2004/374}},
  year =         {2004},
}


@MISC{Li:AttackingISWBE2006,
  author =       {Shujun Li and Chengqing Li and Kwok-Tung Lo and Guanrong Chen},
  title =        {Cryptanalysis of an Image Scrambling Scheme without Bandwidth Expansion},
  howpublished = {accepted by \textit{IEEE Transactions on Circuits and Systems for Video Technology}, available online at \url{http://eprint.iacr.org/2006/215}},
  year =         {2007},
}   

@MISC{Li:AttackingBSSE2006,
  author =       {Shujun Li and Chengqing Li and Kwok-Tung Lo and Guanrong Chen},
  title =        {Cryptanalysis of an Encryption Scheme Based on Blind Source Separation},
  howpublished = {accepted by \textit{IEEE Transactions on Circuits and System¡ªI}, available online at \url{http://arxiv.org/abs/cs.CR/0608024}},
  year =         {2006},
}

@MISC{Li:AttackingIVC2007,
  author =       {Chengqing Li and Shujun Li and Muhammad Asim and Juana Nunez and Gonzalo \'{A}lvarez and Guanrong Chen},
  title =        {On the security defects of an image encryption scheme},
  howpublished = {Cryptology ePrint Archive: Report 2007/397, available online at \url{http://eprint.iacr.org/2007/397}},
  year =         {2007},
}

@MISC{David:Attackingsynchronous2007,
  author =       {David Arroyo and Gonzalo Alvarez and Shujun Li and Chengqing Li and Juana Nunez},
  title =        {Cryptanalysis of a discrete-time synchronous chaotic encryption system},
  howpublished = {Physics Letters A, in press, doi:10.1016/j.physleta.2007.08.066},
  year =         {2007},
}

@MISC{Li:AttackingHill2007,
  author =       {Chengqing Li and Dan Zhang and Guanrong Chen},
  title =        {Cryptanalysis of an image encryption scheme based on Hill cipher},
  howpublished = {available online at \url{http://arxiv.org/abs/0712.0693}},
  year =         {2007},
}

@MISC{Li:AttackingIVCCompound2007,
  author =       {Chengqing Li and Shujun Li and Guanrong Chen and Wolfgang A. Halang},
  title =        {Cryptanalysis of an Image Encryption Scheme Based on a Compound Chaotic Sequence},
  howpublished = {available online at \url{http://arxiv.org/abs/0712.3964}},
  year =         {2007},
}

@MISC{Li:AttackingMaoScheme2007,
  author =       {Chengqing Li and Guanrong Chen},
  title =        {On the security of a class of image encryption schemes},
  howpublished = {Cryptology ePrint Archive: Report 2007/339, available online at \url{http://eprint.iacr.org/2007/339}},
  year =         {2007},
}

@MISC{David:AttackingShuffling2007,
  author =       {David Arroyo and Chengqing Li and Shujun Li and Gonzalo Alvarez and Wolfgang A. Halang},
  title =        {Cryptanalysis of an image encryption scheme based on a new total shuffling algorithm},
  howpublished = {available online at \url{http://arxiv.org/abs/0710.5465}},
  year =         {2007},
}