@inproceedings{A.Amir:TRECVID:2003,
author="Amir, A. and Berg, M. and Chang, S.-F. and Hsu, W. and Iyengar, G. and Lin, C.-Y. and Naphade, M.R. and Natsev, A.P. and Neti, C. and H.J.Nock and Smith, J.R. and Tseng, B.L. and Wu, Y. and Zhang, D.",
title="IBM research TRECVID-2003 video retrieval system",
booktitle="TRECVID",
year=2003,
}


@article{A.Del.Bimbo:IEEETPAMI:1997,
author="Bimbo, A.Del and Pala, P.",
title="Visual image retrieval by elastic matching of user sketches",
journal="IEEE Trans.Pattern Analysis and Machine Intelligence",
year=1997,
volume="19",
number="2",
pages="121--132",
}


@book{A.Jain:1988,
author="Jain, A. and Dube, R.",
title="Algorithms for Clustering Data",
publisher="Prentice-Hall, Englewood Cliffs, NJ",
year=1988,
}


@article{A.Maedche:IEEEDEB:2002,
author="Maedche, A. and Staab, S. and Studer, R. and Sure, Y. and Volz, R.",
title="Seal tying up information integration and web site management by ontologies",
journal="IEEE Data Engineering Bulletin",
year=2002,
volume="5",
pages="",
}


@techreport{A.Ratnaparkhi:1997,
author="Ratnaparkhi, A.",
title="A simple introduction to maximum entropy models for natural language processing",
institution="Institute for Research in Cognitive Science, University of Pennsylvania",
year=1997,
}


@article{A.Th.(Guus).Schreiber:IEEEIS:2001,
author="Schreiber, A.Th.(Guus) and Dubbeldam, Barbara and Wielemaker, Jan and Wielinga, Bob",
title="Ontology-Based Photo Annotation",
journal="IEEE Intelligence Systems",
year=2001,
pages="",
}


@techreport{A.Yanagawa:2007,
author="Yanagawa, A. and Chang, S.-F. and Kennedy, L. and Hsu, W.",
title="Columbia University's Baseline detectors for 374 LSCOM Semantic Visual Concepts",
institution="Columbia University",
year=2007,
}


@inproceedings{A.G.Hauptmann:NISTTRECVID:2005,
author="Hauptmann, A.G. and Christel, M. and Concescu, R. and Gao, J. and Jin, Q. and Lin, W.-H. and Pan, J.-Y. and Stevens, S.M. and Yan, R. and Yang, J. and Zhang, Y.",
title="CMU Informedia's TRECVID 2005 Skirmishes",
booktitle="NIST TRECVID",
year=2005,
pages="17-35",
}


@inproceedings{A.G.Hauptmann:NISTTRECVID:2006,
author="Hauptmann, A.G. and Chen, M.-Y. and Christel, M. and Lin, W.-H. and Yan, R. and Yang, J.",
title="Multi-Lingual Broadcast News Retrieval",
booktitle="NIST TRECVID",
year=2006,
}


@techreport{A.Mueller:1995,
author="A.Mueller",
title="Fast Sequential and Parallel Algorithms for Association Rule Mining: A Comparison",
institution="Department of Computer Science, University of Maryland",
year=1995,
}


@inproceedings{A.Smeaton:CIVR:2005,
author="A.Smeaton",
title="Large scale evaluations of multimedia information retrieval: The TRECVid experience",
booktitle="CIVR",
year=2005,
pages="19-27",
}


@article{NoriahM.Al-Kandari:E:2005,
author="Al-Kandari, Noriah M. and Jolliffe, Ian T",
title="Variable selection and interpretation of covariance principal components",
journal="Environmetrics",
year=2005,
volume="16",
number="6",
pages="659--672",
}


@inproceedings{AlanF.SmeatonandPaulOverandWessel.Kraaij:IWMIR:2006,
author="Kraaij, Alan F.SmeatonandPaulOverandWessel",
title="Evaluation campaigns and TRECVid",
booktitle="International Workshop on Multimedia Information Retrieval",
year=2006,
}


@inproceedings{Alejandro.Jaimes:ICOIVR:2003,
author="Jaimes, Alejandro and Tseng, Belle L. and Smith, John R.",
title="Modal Keywords, Ontologies, and Reasoning for Video Understanding",
booktitle="Intl.Conf.On Image and Video Retrieval",
year=2003,
pages="248-259",
}


@inproceedings{Alejandro.Jaimes:IEEEICOME:2003,
author="Jaimes, Alejandro and Smith, John R.",
title="Semi-automatic, Data-Driven Construction of Multimedia Ontologies",
booktitle="IEEE Intl.Conf.On Multimedia and Expo",
year=2003,
}


@article{Alexander.Budanitsky:CL:2006,
author="Budanitsky, Alexander and Hirst, Graeme",
title="Evaluating WordNet-based Measures of Lexical Semantic Relatedness",
journal="Computational Linguistics",
year=2006,
pages="13--47",
}


@inproceedings{AlexanderG.Hauptmann:ACMM:2006,
author="Hauptmann, Alexander G. and Lin, Wei-Hao and Yan, Rong and Yang, Jun and Chen, Ming-Yu",
title="Extreme video retrieval: joint maximization of human and computer performance",
booktitle="ACM Multimedia",
year=2006,
pages="385-394",
}


@inproceedings{Alexander.Haubold:ICME:2006,
author="Haubold, Alexander and Natsev and Naphade, Milind R.",
title="Semantic Multimedia Retrieval using Lexical Query Expansion and Model-based Reranking",
booktitle="ICME",
year=2006,
}


@techreport{Alexander.Maedche:2002,
author="Maedche, Alexander and Staab, Steffen and Studer, Rudi and Sure, York and Volz, Raphael",
title="SEAL- Tying Up Information Integration and Web Site Management by Ontologies",
year=2002,
}


@book{Alvin.C.Rencher:2002,
author="C.Rencher, Alvin",
title="Methods of Multivariate Analysis",
publisher="Wiley",
year=2002,
edition="2",
}


@inproceedings{Andrew.McCallum:ICML:1998,
author="McCallum, Andrew and Rosenfeld, Ronald and Mitchell, Tom and Ng, Andrew",
title="Improving Text Classification by Shrinkage in a Hierarchy of Classes",
booktitle="15th International Conference on Machine Learning",
year=1998,
pages="359-367",
}


@inproceedings{Anthony.Hoogs:CVPR:2003,
author="Hoogs, Anthony and Rittscher, Jens and Stein, Gees and Schmiederer, John",
title="Video Content Annotation Using Visual Analysis and a Large Semantic Knowledgebase",
booktitle="CVPR",
year=2003,
pages="327-334",
}


@inproceedings{Apostol(Paul).Natsev:ACMM:2005,
author="Natsev, Apostol (Paul) and R.Naphade, Milind and Tesic, Jelena",
title="Learning the semantics of multimedia queries and concepts from a small number of examples",
booktitle="ACM Multimedia",
year=2005,
pages="598-607",
}


@inproceedings{Apostol(Paul).Natsev:ACMSIGKDD:2004,
author="Natsev, Apostol (Paul) and R.Naphade, Milind and R.Smith, John",
title="Semantic representation, search and mining of multimedia content",
booktitle="ACM SIGKDD",
year=2004,
pages="641-646",
}


@article{ArnoldW.M.Smeulders:IEEETPAMI:2000,
author="Smeulders, Arnold W.M. and Worring, Marcel and Santini, Simone and Gupta, Amarnath and Jain, Ramesh",
title="Content-based image retrieval at the end of the early years",
journal="IEEE Transactions on Pattern Analysis and Machine Intelligence",
year=2000,
volume="22",
number="12",
pages="1349--1380",
}


@inproceedings{Arnon.Amir:NISTTRECVID:2005,
author="Amir, Arnon and Argillander, Janne and Campbell, Murray and Haubold, Alexander and Iyengar, Giridharan and Ebadollahi, Shahram and Kang, Feng and Naphade, Milind R. and Natsev, Apostol (Paul) and Smith, John R. and Tesic, Jelena and Volkmer, Timo",
title="IBM Research TRECVID-2005 Video Retrieval System",
booktitle="NIST TRECVID",
year=2005,
}


@inproceedings{B.Adams:TREC:2002,
author="Adams, B. and Amir, A. and Dorai, C. and Ghosal, S. and Iyengar, G. and Jaimes, A. and Lang, C. and Lin, C.-Y. and Natsev, A. and Naphade, M. and Neti, C. and Nock, H. and Permuter, H. and Singh, R. and Smith, J. and Srinivasan, S. and Tseng, B. and Ashwin, T. and Zhang, D.",
title="IBM research TREC-2002 video retrieval system",
booktitle="11th Text REtrieval Conference",
year=2002,
}


@article{B.Chandrasekaran:IEEEE:1994,
author="Chandrasekaran, B.",
title="AI, Knowledge,and the Quest for Smart Systems",
journal="IEEE Expert",
year=1994,
volume="9",
number="6",
pages="2--6",
}


@article{B.Chandrasekaran:IEEEIS:1999,
author="Chandrasekaran, B. and Josephson, John R. and Benjamins, V.Richard",
title="What Are Ontologies, and Why Do We Need Them?",
journal="IEEE Intelligent Systems",
year=1999,
volume="14",
number="1",
pages="20--26",
}


@article{B.Goethals:ACMSIGKDDEN:2004,
author="Goethals, B. and Zaki, M.J.",
title="Advances in Frequent ItemsetMining Implementations: Report of FIMI03",
journal="ACM SIGKDD Explorations Newsletter",
year=2004,
pages="",
}


@inproceedings{S.Banerjee:ICCLITP:2002,
author="Banerjee, S. and Pedersen, T.",
title="An Adapted Lesk Algorithm for Word Sense Disambiguation Using WordNet",
booktitle="International Conference on Computational Linguistics and Intelligent Text Processing",
year=2002,
}


@misc{Bart.Goethals:2003,
author="Goethals, Bart",
editor="anonymous",
title="Survey on Frequent Pattern Mining",
year=2003,
}


@inproceedings{Bart.Goethals:ACMSIGAPP:2004,
author="Goethals, Bart",
title="Memory issues in frequent itemset mining",
booktitle="ACM SIGAPP",
year=2004,
}


@article{Benjamin.Reilly:IPSR:2002,
author="Reilly, Benjamin",
title="Social Choice in the South Seas: Electoral Innovation and the Borda Count in the Pacific Island Countries",
journal="International Political Science Review",
year=2002,
volume="23",
number="4",
pages="355--372",
}


@inproceedings{A.Berenzweig:ICME:2003,
author="Berenzweig, A. and Ellis, D.P.W. and Lawrence, S.",
title="Anchor space for classification and similarity measurement of music",
booktitle="ICME",
year=2003,
}


@book{C.Fellbaum:1998,
author="Fellbaum, C. and Ed",
title="WordNet: an electronic lexical database",
publisher="The MIT Press",
year=1998,
}


@inbook{C.Leacock:1998,
author="Leacock, C. and Chodorow",
title="Combining local context and wordnet similarity for word sense identification",
pages="265--283",
publisher="MIT Press",
year=1998,
}


@inproceedings{C.Traina.Jr.:XVBSDSBBD:2000,
author="Jr., C.Traina and Traina, A. and Wu, L. and Faloutsos, C.",
title="Feature selection using correlation fractal dimension: Issues and applications in binary classification problems",
booktitle="XV Brazilian Symposium on Databases (SBBD)",
year=2000,
}


@inproceedings{X.Y.Wei.Z.Pan.C.W.Ngo:CIVR:2006,
author="C.W.Ngo, Z.Pan, X.Y.Wei",
title="Hierarchical Hidden Markov Model for Rushes Structuring and Indexing",
booktitle="CIVR",
year=2006,
}


@inproceedings{C.Y.Lin:TRECVID:2003,
author="Lin, C.Y. and Tseng, B.L. and Smith, J.R.",
title="Video collaborative annotation forum: Establishing ground-truth labels on large multimedia datasets",
booktitle="TRECVID",
year=2003,
}


@inproceedings{C.G.M.Snoek:NISTTRECVID:2005,
author="Snoek, C.G.M. and Gemert, J.C.van and Geusebroek, J.M. and Huurnink, B. and Koelma, D.C. and Nguyen, G.P. and Rooij, O.de and Seinstra, F.J. and Smeulders, A.W.M. and Veenman, C.J. and Worring, M.",
title="The MediaMill TRECVID 2005 Semantic Video Search Engine",
booktitle="NIST TRECVID",
year=2005,
pages="225-240",
}


@inproceedings{C.G.M.Snoek:NISTTRECVID:2006,
author="Snoek, C.G.M. and Gemert, J.C.van and Gevers, Th. and Huurnink, B. and Koelma, D.C. and Liempt, M.van and Rooij, O.de and Sande, K.E.A.vande and Seinstra, F.J. and Smeulders, A.W.M. and Thean, A.H.C. and Veenman, C.J. and Worring, M.",
title="The MediaMill TRECVID 2006 Semantic Video Search Engine",
booktitle="NIST TRECVID",
year=2006,
pages="277-290",
}


@inproceedings{C.G.M.Snoek:ACMM:2005,
author="Snoek, C.G.M. and Worring, M. and Smeulders",
title="Early versus late fusion in semantic video analysis",
booktitle="ACM Multimedia",
year=2005,
pages="399-402",
}


@article{CaetanoTraina.Jr.:VLDB:2007,
author="Jr., Caetano Traina and Filho, Roberto F.Santos and Traina, Agma J.M. and Vieira, Marcos R. and Faloutsos, Christos",
title="The Omni-family of all-purpose access methods: a simple and effective way to make similarity search more efficient",
journal="VLDB",
year=2007,
pages="",
}


@book{CarlD.Meyer:2000,
author="Meyer, Carl D.",
title="Matrix Analysis and Applied Linear Algebra",
publisher="Philadelphia : Society for Industrial and Applied Mathematics",
year=2000,
}


@article{CeesG.M.Snoek:MTA:2005,
author="Snoek, Cees G.M. and Worring",
title="Multimodal Video Indexing: A Review of the State-of-the-art",
journal="Multimedia Tools and Applications",
year=2005,
volume="25",
number="1",
pages="5--35",
}


@article{CeesG.M.Snoek:IEEETM:2006,
author="Snoek, Cees G.M. and Huurnink, Bouke and Hollink, Laura and Rijke, Maarten de and Schreiber, Guus and Worring, Marcel",
title="Adding Semantics to Detectors for Video Retrieval",
journal="IEEE Transaction on Multimedia",
year=2006,
volume="9",
number="5",
pages="975--986",
}


@inproceedings{CeesG.M.Snoek:ACMMM:2006,
author="Snoek, Cees G.M. and Worring, Marcel and Gemert, Jan C.van and Geusebroek, Jan-Mark and Smeulders",
title="The Challenge Problem for Automated Detection of 101 Semantic Concepts in Multimedia",
booktitle="ACM MM",
year=2006,
pages="421-430",
}


@inproceedings{Christel:ICOIVR:2005,
author="Christel and M. and Hauptmann and A.",
title="The Use and Utility of High-Level Semantic Features",
booktitle="Intl.Conf.On Image and Video Retrieval",
year=2005,
}


@inproceedings{Christian.Borgelt:FIMI:2003,
author="Borgelt, Christian",
title="Efficient Implementations of Apriori and Eclat",
booktitle="FIMI",
year=2003,
}


@inproceedings{Christos.Faloutsos:ACMSIGMODICMD:2000,
author="Faloutsos, Christos and Seeger, Bernhard and Traina, Agma and Traina, Caetano",
title="Spatial join selectivity using power laws",
booktitle="ACM SIGMOD Int.Conf.on Management of Data",
year=2000,
}


@inbook{Claudia.Leacock:1998,
author="Leacock, Claudia and Chodorow",
title="Combining Local Context and WordNet Similarity for Word Sense Identification",
pages=265-283,
publisher="MIT Press, Cambridge, MA",
year=1998,
}


@misc{CMU:2006,
author="CMU",
editor="anonymous",
title="The Lemur Toolkit for Language Modeling and Information Retrieval",
publisher="http://www.lemurproject.org/",
year=2006,
}


@inproceedings{D.Carmel:AIACMSIGIRCRDIR:2002,
author="Carmel, D. and Farchi, E. and Petruschka, Y. and Soffer",
title="Automatic query refinement using lexical affinities with maximal information gain",
booktitle="25th Annual International ACM SIGIR Conference on Research and Development in Information Retrieval",
year=2002,
pages="283-290",
}


@book{D.B.Lenat:1990,
author="D.B.Lenat and R.V.Guha",
title="Building Large Knowledge-Based Systems: Representation and Inference in the CYC Project",
publisher="Addison Wesley, Reading, Mass",
year=1990,
}


@inproceedings{Dao-I.Lin:EDBT:1998,
author="Lin, Dao-I and Kedem, Zvi M.",
title="Pincer-Search: A New Algorithm for Discovering the Maximum Frequent Set",
booktitle="EDBT",
year=1998,
pages="105-119",
}


@article{Daphne.Koller:GEB:1996,
author="Koller, Daphne and and Stengel",
title="Efficient computation of equilibria for extensive two-person games",
journal="Games and Economic Behavior",
year=1996,
volume="14",
pages="247--259",
}


@article{DavidG.Lowe:IJCV:2004,
author="Lowe, David G.",
title="Distinctive Image Features from Scale-Invariant Keypoints",
journal="International Journal of Computer Vision",
year=2004,
volume="60",
pages="91--110",
}


@inproceedings{DavidG.Lowe:ICCV:1999,
author="Lowe, David G.",
title="Object recognition from local scale-invariant features",
booktitle="International Conference on Computer Vision",
year=1999,
pages="1150-1157",
}


@article{David.Vallet:IEEETCSVT:2007,
author="Vallet, David and Castells, Pablo and Fernandez, Miriam and Mylonas, Phivos and Avrithis, Yannis",
title="Personalized Content Retrieval in Context Using Ontological Knowledge",
journal="IEEE Trans.on Circuits and Systems for Video Technology",
year=2007,
pages="336--346",
}


@inproceedings{Dekang.Lin:AMACL:1997,
author="Lin, Dekang",
title="Using Syntactic Dependency as Local Context to Resolve Word Sense Ambiguity",
booktitle="35th Annual Meeting of the Association for Computational Linguistics",
year=1997,
pages="64-71",
}


@article{E.Fredkin:CACM:1960,
author="Fredkin, E.",
title="Trie Memory",
journal="Communications of the ACM",
year=1960,
pages="",
}


@article{FAUSTO.GIUNCHIGLIA:TKER:2004,
author="GIUNCHIGLIA, FAUSTO and SHVAIKO, PAVEL",
title="Semantic matching",
journal="The Knowledge Engineering Review",
year=2004,
volume="18:3",
pages="265--280",
}


@techreport{Ferenc.Bodon:2006,
author="Bodon, Ferenc",
title="A Survey on Frequent Itemset Mining",
institution="Budapest University of Technology and Economic",
year=2006,
}


@inproceedings{FranciscoM.Couto:CIKM:2005,
author="Couto, Francisco M. and Silva, Mario J. and Coutinho, Pedro M.",
title="Semantic Similarity over the Gene Ontology: Family Correlation and Selecting Disjunctive Ancestors",
booktitle="CIKM",
year=2005,
}


@article{FranciskaM.G.de.Jong:IEEETCSVT:2007,
author="Jong, Franciska M.G.de and Westerveld, Thijs and Vries, Arjen P.de",
title="Multimedia Search Without Visual Analysis: The Value of Linguistic and Contextual Information",
journal="IEEE Trans.on Circuits and Systems for Video Technology",
year=2007,
pages="",
}


@inbook{G.Hirst:1997,
author="Hirst, G. and St-Onge, D.",
title="Lexical Chains as representation of context for the detection and correction malapropisms",
pages="305--332",
publisher="Cambrige, MA:The MIT Press",
year=1997,
}


@article{H.Liu:BTTJ:2004,
author="Liu, H. and Singh, P.",
title="Conceptnet: A practical commonsense reasoning toolkit",
journal="BT Technology Journal",
year=2004,
volume="22",
number="4",
pages="211--226",
}


@inproceedings{Hangzai.Luo:ACMMM:2006,
author="Luo, Hangzai and Fan, Jianping",
title="Building Concept Ontology for Medical Video Annotation",
booktitle="ACM MM",
year=2006,
pages="57-60",
}


@inproceedings{A.Hauptmann:CIVR:2004,
author="Hauptmann, A.",
title="Towards a Large Scale Concept Ontology for Broadcast Video",
booktitle="CIVR",
year=2004,
}


@inproceedings{A.Hauptmann:CIVR:2007,
author="Hauptmann, A. and Yan, R. and Lin, W.H.",
title="How many High-level Concepts will Fill the Semantic Gap in Video Retrieval?",
booktitle="CIVR",
year=2007,
}


@inproceedings{Hideki.Kozima:CECACLEACLU:1993,
author="Kozima, Hideki and Furugori, Teiji",
title="Similarity between Words Computed by Spreading Activation on an English Dictionary",
booktitle="6th Conference of the European Chapter of the Association for Computational Linguistics (EACL-93, Utrecht).",
year=1993,
pages="232-239",
}


@article{Hinrich.Schuitze:CL:1998,
author="Schuitze, Hinrich",
title="Automatic Word Sense Discrimination",
journal="Computational Linguistics",
year=1998,
volume="24",
number="1",
pages="97--123",
}


@inproceedings{L.Hollink:ACMMM:2005,
author="Hollink, L. and Worring, M. and Schreiber, A.Th.",
title="Building a Visual Ontology for Video Retrieval",
booktitle="ACM MM",
year=2005,
}


@article{Hong-Jiang.Zhang:SIGOISB:1994,
author="Zhang, Hong-Jiang and W.Smoliar, Stephen and Wu, Jian Hua and Low",
title="Development of A Video Database System",
journal="SIGOIS Bull",
year=1994,
volume="15",
number="1",
pages="",
}


@book{Howard.Anton:1987,
author="Anton, Howard and Rorres, Chris",
title="Elementary linear algebra with applications",
publisher="Wiley,New York",
year=1987,
}


@article{Huan.Liu:IEEETKDE:2005,
author="Liu, Huan and Yu, Lei",
title="Toward Integrating Feature Selection Algorithms for Classification and Clustering",
journal="IEEE Transactions on Knowledge and Date Engineering",
year=2005,
volume="17",
number="4",
pages="",
}


@inproceedings{Huan.Wang:ACMM:2006,
author="Wang, Huan and Liu, Song and Chia, Liang-Tien",
title="Does Ontology Help in Image Retrieval? �� A Comparison between Keyword, Text Ontology and Multi-Modality Ontology Approaches",
booktitle="ACM Multimedia",
year=2006,
pages="109-112",
}


@article{Isabelle.Guyon:2003,
author="Guyon, Isabelle and Elisseeff, A.",
title="An Introduction to Variable and Feature Selection",
year=2003,
volume="3",
pages="1157--1182",
}


@inproceedings{J-C.BermondD.Peleg:CSICC:1995,
author="Peleg, J-C.BermondD.",
title="The Power of Small Coalitions in Graphs",
booktitle="2nd Colloq.on Structural Information & Communication Complexity",
year=1995,
}


@book{J.Tinsley.Oden:1996,
author="Oden, J.Tinsley and Demkowicz, Leszek F.",
title="Applied functional analysis",
publisher="Boca Raton : CRC Press",
year=1996,
}


@inproceedings{J.Xu:AIACMSIGIRCRDIR:1996,
author="Xu, J. and Croft, W.B.",
title="Query expansion using local and global document analysis",
booktitle="19th Annual International ACM SIGIR Conference on Research and Development in Information Retrieval",
year=1996,
pages="4-11",
}


@article{J.R.Smith:IEEEMM:1997,
author="Smith, J.R. and Chang, S.-F.",
title="Visually searching the web for content",
journal="IEEE MultiMedia",
year=1997,
volume="4",
number="3",
pages="12--20",
}


@inproceedings{Ja-Hwung.Su:HICSS:2004,
author="Su, Ja-Hwung and Lin, Wen-Yang",
title="An Efficient Algorithm for Frequent Itemset Mining",
booktitle="HICSS",
year=2004,
}


@article{Jane.Morris:CL:1991,
author="Morris, Jane and Hirst, Graeme",
title="Lexical cohesion computed by thesaural relations as an indicator of the structure of text",
journal="Computational Linguistics",
year=1991,
volume="17",
number="1",
pages="21--48",
}


@inproceedings{JayJ.Jiang:ICRCL:1997,
author="Jiang, Jay J.",
title="Semantic Similarity Based on Corpus Statistics and Lexical Taxonomy",
booktitle="International Conference Research on Computational Linguistics",
year=1997,
}


@inproceedings{Jelena.Tesic:CIVR:2007,
author="Tesic, Jelena and Natsev, Apostol and Smith, John",
title="Cluster-based Data Modeling for Semantic Video Search",
booktitle="CIVR",
year=2007,
}


@inproceedings{Jian.Pei:ACMSIGMOD:2000,
author="Pei, Jian and Han, Jiawei and Mao, Runying",
title="CLOSET: An Efficient Algorithm for Mining Frequent Closed Itemsets",
booktitle="ACM SIGMOD",
year=2000,
pages="21-30",
}


@inproceedings{Jiawei.Han:ACMSIGMOD:2003,
author="Han, Jiawei and Pei, Jian and Yin, Yiwen",
title="Mining Frequent Patterns without Candidate Generation",
booktitle="ACM SIGMOD",
year=2003,
}


@inproceedings{Jiawei.Han:ACMSIGMOD:2000,
author="Han, Jiawei and Pei, Jian and Yin, Yiwen",
title="Mining frequent patterns without candidate generation",
booktitle="ACM SIGMOD",
year=2000,
}


@article{Jinxi.Xu:ACMTISTOIS:2000,
author="Xu, Jinxi and Croft, W.Bruce",
title="Improving the effectiveness of information retrieval with local context analysis",
journal="ACM Transactions on Information Systems (TOIS)",
year=2000,
volume="18",
number="1",
pages="79--112",
}


@inproceedings{Jochen.Hipp:PKDD:2000,
author="Hipp, Jochen and Guntzer, Ulrich and Nakhaeizadeh, Gholamreza",
title="Mining Association Rules: Deriving a Superior Algorithm by Analyzing Today's Approaches",
booktitle="PKDD",
year=2000,
pages="159-168",
}


@article{Jochen.Hipp:SIGKDDE:2000,
author="Hipp, Jochen and G��1ntzer, Ulrich and Nakhaeizadeh, Gholamreza",
title="Algorithms for Association Rule Mining A General Survey and Comparison",
journal="SIGKDD Explorations",
year=2000,
pages="58--64",
}


@inproceedings{JohnR.Smith:ICME:2003,
author="Smith, John R. and Naphade, Milind and Natsev, Apostol (Paul)",
title="Multimedia Semantic Indexing using Model Vectors",
booktitle="ICME",
year=2003,
}


@article{I.T.Jolliffe:AS:1972,
author="Jolliffe, I.T.",
title="Discarding Variables in a Principal Component Analysis, I.Artificial data",
journal="Applied Statistics",
year=1972,
volume="21",
pages="160--173",
}


@article{I.T.Jolliffe:AS:1973,
author="Jolliffe, I.T.",
title="Discarding Variables in a Principal Component Analysis, II.Real data",
journal="Applied Statistics",
year=1973,
volume="22",
pages="21--31",
}


@inproceedings{JongSoo.Park:ACMSIGMOD:1995,
author="Park, Jong Soo and Chen, Ming-Syan and Yu, Philip S.",
title="An Eective Hash-Based Algorithm for Mining Association Rules",
booktitle="ACM SIGMOD",
year=1995,
}


@article{Joseph.P.Romano:JASA:1990,
author="Romano, Joseph.P.",
title="On the Behavior of Randomization Tests Without a Group Invariance Assumption",
journal="Journal of the American Statistical Association",
year=1990,
volume="85",
number="411",
pages="",
}


@article{Jules.Vleugels:PR:2002,
author="Vleugels, Jules and Veltkamp, Remco C.",
title="Efficient Image Retrieval through Vantage Objects",
journal="Pattern Recognition",
year=2002,
volume="35",
number="1",
pages="69--80",
}


@inproceedings{JohnR.Kender:ICME:2007,
author="Kender, John R.",
title="A Large Scale Concept Ontology for News Stories: Empirical Methods, Analysis, and Improvements",
booktitle="ICME",
year=2007,
}


@inproceedings{LyndonS.Kennedy:ACMM:2005,
author="Kennedy, Lyndon S. and Natsev, Apostol (Paul) and Chang, ShihFu",
title="Automatic discovery of query-class-dependent models for multimodal search",
booktitle="ACM Multimedia",
year=2005,
}


@inproceedings{M.Brown:ACMM:1995,
author="Brown, M. and Foote, J. and Jones, G. and Sparck-Jones, K. and Young, S.",
title="Automatic content-based retrieval of broadcast news",
booktitle="ACM Multimedia",
year=1995,
}


@inproceedings{M.Campbell:TRECVID:2006,
author="Campbell, M. and Ebadollahi, S. and Joshi, D. and Naphade, M. and Natsev, A. and Seidl, J. and Smith, J.R. and Scheinberg, K. and Tesic, J. and Xie, L.",
title="IBM Research TRECVID-2006 Video Retrieval System",
booktitle="TRECVID",
year=2006,
}


@inproceedings{M.Lesk:AICSD:1986,
author="Lesk, M.",
title="Automatic sense disambiguation using machine readable dictionaries: how to tell a pine code from an ice cream cone",
booktitle=" the 5th Annual International Conference on Systems Documentation",
year=1986,
pages="24-26",
}


@techreport{M.R.Naphade:2005,
author="Naphade, M.R. and Kennedy, L. and Kender, J.R. and Chang, S.-F. and Smith, J.R. and Over, P. and Hauptmann, A.",
title="A Light Scale Concept Ontology for Multimedia Understanding for TRECVID 2005",
institution="IBM Research Technical Report",
year=2005,
}


@article{M.J.Zaki:IEEETKDE:2000,
author="Zaki, M.J.",
title="Scalable Algorithms for Association Mining",
journal="IEEE Transactions on Knowledge and Data Engineering",
year=2000,
pages="",
}


@inproceedings{Malcolm.Slaney:ICME:2002,
author="Slaney, Malcolm",
title="Mixtures of Probability Experts for Audio Retrieval and Indexing",
booktitle="ICME",
year=2002,
}


@inproceedings{Martin.Warin:MEANINGW:2005,
author="Warin, Martin and Ovhammar, Henrik and Volk, Martin",
title="Enriching an Ontology with WordNet based on Similarity Measures",
booktitle="MEANING-2005 Workshop",
year=2005,
}


@article{G.P.McCabe:T:1986,
author="McCabe,G.P.",
title="Principal Variables",
journal="Techonmetrics",
year=1986,
volume="26",
pages="137--144",
}


@article{Mezaris:IEEETCSVT:2004,
author="Mezaris and V.Kompatsiaris and I.Boulgouris and N.V.Strintzis and M.G.",
title="Real-Time Compressed-Domain Spatiotemporal Segmentation and Ontologies for Video Indexing and Retrieval",
journal="IEEE Transactions on Circuits and Systems for Video Technology",
year=2004,
volume="14",
number="5",
pages="606--621",
}


@inproceedings{Mezaris:ICIP:2003,
author="Mezaris and V.Kompatsiaris and I.Strintzis and M.G.",
title="An ontology approach to object-based image retrieval",
booktitle="ICIP",
year=2003,
}


@inproceedings{Michael.Sussna:IKM:1993,
author="Sussna, Michael",
title="Word sense disambiguation for free-text indexing using a massive semantic network",
booktitle="2th Information and Knowledge Management",
year=1993,
pages="67-74",
}


@inproceedings{Mika.Rautiainen:NISTTRECVID:2005,
author="Rautiainen, Mika and Varanka, Matti and Hanski, Ilkka and Hosio, Matti and Pramila, Anu and Liu, Jialin and Ojala, Timo and Seppanen, Tapio",
title="TRECVID 2005 Experiments at Media Team Oulu",
booktitle="NIST TRECVID",
year=2005,
pages="252-261",
}


@article{Milind.Naphade:IEEEMM:2006,
author="Naphade, Milind and Smith, John R. and Tesic, Jelena and Chang, Shih-Fu and Hsu, Winston and Kennedy, Lyndon and Hauptmann, Alexander and Curtis, Jon",
title="Large-Scale Concept Ontology for Multimedia",
journal="IEEE MultiMedia",
year=2006,
volume="13",
number="3",
pages="86--91",
}


@inproceedings{MilindR.Naphade:IEEEICOME:2000,
author="Naphade, Milind R. and Huang, Thomas S.",
title="A Probabilistic Framework for Semantic Indexing and Retrieval in Video",
booktitle="IEEE Intl.Conf.On Multimedia and Expo",
year=2000,
pages="475-478",
}


@article{E.H.Moore:BAMS:1920,
author="Moore, E.H.",
title="On the reciprocal of the general algebraic matrix",
journal="Bulletin of the American Mathematical Society",
year=1920,
volume="26",
pages="394--395",
}


@book{N.Francis:1982,
author="Francis, N. and Kucera",
title="Frequency analysis of English usage: Lexicon and grammar",
publisher="Hoghton Mi in, Boston",
year=1982,
}


@techreport{NatalyaF.Noy:2001,
author="Noy, Natalya F. and McGuinness",
title="Ontology Development 101: A Guide to Creating Your First Ontology",
institution="Stanford University",
year=2001,
}


@inproceedings{NIST:URL:,
author="NIST",
title="TREC Video Retrieval Home Page",
booktitle="URL: http://www-nlpir.nist.gov/projects/trecvid/",
year=,
}


@inproceedings{Patwardhan.S.:FICITPCL:2002,
author="S., Patwardhan and S., Banerjee and T, Pedersen",
title="Using Semantic Relatedness for Word Sense Disambiguation",
booktitle="the Fourth International Conference on Intelligent Text Processing and Computational Linguistics",
year=2002,
}


@article{Roger.Penrose:PCPS:1955,
author="Penrose, Roger",
title="A generalized inverse for matrices",
journal="Proceedings of the Cambridge Philosophical Society",
year=1955,
volume="51",
pages="406--413",
}


@article{Roger.Penrose:PCPS:1956,
author="Penrose, Roger",
title="On best approximate solution of linear matrix equations",
journal="Proceedings of the Cambridge Philosophical Society",
year=1956,
volume="52",
pages="17--19",
}


@inproceedings{Philip.Resnik:IJCAI:1995,
author="Resnik, Philip",
title="Using Information Content to Evaluate Semantic Similarity in Taxonomy",
booktitle="International Joint Conference on Artificial Intelligence",
year=1995,
}


@inproceedings{R.dela.Briandais:WJCC:1959,
author="Briandais, R.dela",
title="File Searching Using Variable Length Keys",
booktitle="Western Joint Computer Conference",
year=1959,
pages="295-298",
}


@inproceedings{R.Lienhart:IEEECMCS:1997,
author="Lienhart, R. and Kuhmunch, C. and Ekelsberg",
title="On the detection and recognition of television commercials",
booktitle="IEEE Conference on Multimedia Computing and Systems",
year=1997,
pages="509-516",
}


@article{R.-S.Lu:SERRASERRA:1999,
author="Lu, R.-S. and Lo, S.-L. and Hu, J.-Y.",
title="Analysis of reservoir water quality using fuzzy synthetic evaluation",
journal="Stochastic Environmental Research and Risk Assessment (SERRA)",
year=1999,
volume="13",
number="5",
pages="327--336",
}


@article{R.J.Brachman:CS:1985,
author="Brachman, R.J. and Schmolze, J.",
title="An Overview of the KL-ONE Knowledge Representation System",
journal="Cognitive Science",
year=1985,
volume="9",
number="2",
pages="171--216",
}


@inproceedings{Rakesh.Agrawal:VLDB:1994,
author="Agrawal, Rakesh and Srikant, Ramakrishnan",
title="Fast Algorithms for Mining Association Rules",
booktitle="VLDB",
year=1994,
}


@inproceedings{Rakesh.Agrawal:ACMSIGMOD:1993,
author="Agrawal, Rakesh and Imielinski, Tomasz and Swami, Arun",
title="Mining Association Rules between Sets of Items in Large Databases",
booktitle="ACM SIGMOD",
year=1993,
pages="207-216",
}


@article{Richard.McKelvey:HCE:1996,
author="McKelvey, Richard and McLennan, Andrew",
title="Computation of equilibria in finite games",
journal="Handbook of Computational Economics",
year=1996,
volume="1",
pages="87--142",
}


@inproceedings{RobertoF.Santos.Filho:ICDE:2001,
author="Filho, Roberto F.Santos and Traina, Agma J.M. and Jr., Caetano Traina and Faloutsos, Christos",
title="Similarity Search without Tears: the OMNI-Family of All-Purpose Access Methods",
booktitle="ICDE",
year=2001,
}


@book{RogerA.Horn:1985,
author="Horn, Roger A. and Johnson, Charles R.",
title="Matrix Analysis",
publisher="Cambridge University Press",
year=1985,
}


@inproceedings{Rong.Yan:ICOIVR:2003,
author="Yan, Rong and Hauptmann, Alexander and Jin, Rong",
title="Multimedia Search with Pseudo -Relevance Feedback",
booktitle="Intl.Conf.On Image and Video Retrieval",
year=2003,
}


@inproceedings{Rong.Yan:ACMMM:2004,
author="Yan, Rong and Yang, Jun and Hauptmann, Alexander",
title="Learning Query-Class Dependent Weights in Automatic Video Retrieval",
booktitle="ACM MM",
year=2004,
pages="548-555",
}


@article{ROY.RADA:IEEETSMC:1989,
author="RADA, ROY and MILI, HAFEDH and BICKNELL, ELLEN and BLETTNER, MARIA",
title="Development and Application of a Metric on Semantic Nets",
journal="IEEE Transactions on Systems, Man and Cybernetics",
year=1989,
volume="19",
number="1",
pages="17--30",
}


@article{RyenW.White:IPM:2006,
author="White, Ryen W. and Jose, Joemon M. and Ruthven, Ian",
title="Implicit feedback for interactive information retrieval",
journal="Information Processing Management",
year=2006,
volume="42",
number="1",
pages="166--190",
}


@inproceedings{S.Robertson:TETRECTREC:2005,
author="Robertson, S. and Walker, S.",
title="Okapi/keenbow at trec-8",
booktitle="The Eighth Text REtrieval Conference (TREC-8)",
year=2005,
pages="151-163",
}


@inproceedings{S.F.Chang:NISTTRECVID:2006,
author="Chang, S.F. and Hsu, Winston and al., et.",
title="Columbia University TRECVID-2006 Video Search and High-Level Feature Extraction",
booktitle="NIST TRECVID",
year=2006,
pages="99-109",
}


@book{T.L.Saaty:1980,
author="Saaty, T.L",
title="The Analytic Hierarchy Processes",
publisher="New York:McGraw Hill",
year=1980,
}


@inproceedings{Satanjeev.Banerjee:EIJCAI:2003,
author="Banerjee, Satanjeev and Pederse, Ted",
title="Extended Gloss Overlaps as a Measure of Semantic Relatedness",
booktitle="Eighteenth International Joint Conference on Artificial Intelligence",
year=2003,
pages="805-810",
}


@book{Sheldon.Ross:1976,
author="Ross, Sheldon",
title="A First Course in Probability",
publisher="Macmillan",
year=1976,
}


@inproceedings{Shi-YongNeo:ICOIVR:2006,
author="Shi-Yong Neo and Zhao, Jin and Kan, Min-Yen and Chua, Tat-Seng",
title="Video Retrieval using High Level Features: Exploiting Query Matching and Confidence-based Weighting",
booktitle="Intl.Conf.On Image and Video Retrieval",
year=2006,
}


@inproceedings{Shih-Fu.Chang:NISTTRECVID:2005,
author="Chang, Shih-Fu and Hsu, Winston and Kennedy, Lyndon and Xie, Lexing and Yanagawa, Akira and Zavesky, Eric and Zhang, Dong-Qing",
title="Columbia University TRECVID-2005 Video Search and High-Level Feature Extraction",
booktitle="NIST TRECVID",
year=2005,
pages="41-48",
}


@phdthesis{Siddharth.Patwardhan:2003,
author="Patwardhan, Siddharth",
title="Incorporating dictionary and corpus information into a context vector measure of semantic relatedness",
school="University of Minnesota Duluth",
year=2003,
type="Master��s thesis",
}


@inproceedings{Siddharth.Patwardhan:ACLWMSSBCLPT:2006,
author="Patwardhan, Siddharth and Pedersen, Ted",
title="Using WordNet-based Context Vectors to Estimate the Semantic Relatedness of Concepts",
booktitle="ACL 2006 Workshop Making Sense of Sense - Bringing Computational Linguistics and Psycholinguistics Together",
year=2006,
}


@inproceedings{SteveWalker.StephenE.Robertson:TREC:2000,
author="Stephen E.Robertson, Steve Walker",
title="Okapi/Keenbow at TREC-8",
booktitle="Text REtrieval Conference",
year=2000,
pages="151-163",
}


@inproceedings{Tat-Seng.Chua:NISTTRECVID:2005,
author="Chua, Tat-Seng and Neo, Shi-Yong and Goh, Hai-Kiat and Zhao, Ming and Xiao, Yang and Wang, Gang and Gao, Sheng and Chen, Kai and Sun, Qibin and Qi, Tian",
title="TRECVID 2005 by NUS PRIS",
booktitle="NIST TRECVID",
year=2005,
pages="241-251",
}


@inproceedings{Tat-Seng.Chua:NISTTRECVID:2006,
author="Chua, Tat-Seng and Neo, Shi-Yong and Zheng, Yantao and Goh, Hai-Kiat and Tang, Sheng and Xiao, Yang and Zhao, Ming and Gao, Sheng and Zhu, Xinglei and Chaisorn, Lekha and Sun, Qibin",
title="TRECVID 2006 by NUS-I2R",
booktitle="NIST TRECVID",
year=2006,
}


@misc{Ted.Pedersen:2006,
author="Pedersen, Ted and Patwardhan, Siddharth and Banerjee, Satanjeev and Michelizzi, Jason",
editor="anonymous",
title="Wordnet::Similarity",
publisher="http://search.cpan.org/dist/WordNet-Similarity/doc/intro.pod",
year=2006,
}


@article{Th.Gevers:IEEETIP:2000,
author="Gevers, Th. and Smeulders, A.W.M.",
title="Pictoseek: Combining color and shape invariant features for image retrieval",
journal="IEEE Trans.Image Processing",
year=2000,
volume="9",
number="1",
pages="102--119",
}


@book{ThomasD.Wickens:1994,
author="Wickens, Thomas D.",
title="The Geometry of Multivariate Statistics",
publisher="Lawrence Erlbaum Associates",
year=1994,
}


@book{TimothyJ.Ross:2004,
author="Ross, Timothy J.",
title="Fuzzy logic with engineering applications",
publisher="John Wiley",
year=2004,
}


@inproceedings{Volker.Haarslev:ACMSIGIRR:2001,
author="Haarslev, Volker and Mol, Ralf",
title="RACER System Description",
booktitle="20th annual international ACM SIGIR conference on Research and development in information retrieval",
year=2001,
pages="701-705",
}


@inproceedings{W.H.Lin:ICME:2006,
author="Lin, W.H. and Hauptmann, Alexander",
title="Which thousand words are worth a picture? Experiments on video retrieval using a thousand concepts",
booktitle="ICME",
year=2006,
pages="41-44",
}


@article{W.Ma:MS:1999,
author="Ma, W. and Manjunath, B.",
title="NeTra: a toolbox for navigating large image databases",
journal="Multimedia Systems",
year=1999,
volume="7",
number="3",
pages="184--198",
}


@article{Wactlar:IEEEC:1999,
author="Wactlar and H. and Hauptmann and A. and Gong and Y. and Christel and M",
title="Lessons Learned from the Creation and Deployment of a Terabyte Digital Video Library",
journal="IEEE Computer",
year=1999,
volume="32",
number="2",
pages="66--73",
}


@book{Wang.Jianhua:1988,
author="Jianhua, Wang",
title="The theory of game",
publisher="Oxford University Press",
year=1988,
}


@inproceedings{Wei-Hao:2006,
author="Wei-Hao and Hauptmann, Alexander",
title="WHICH THOUSANDWORDS AREWORTH A PICTURE? EXPERIMENTS ON VIDEO RETRIEVAL USING A THOUSAND CONCEPTS",
year=2006,
pages="41-44",
}


@inproceedings{Winston.H.Hsu:ACMM:2006,
author="H.Hsu, Winston and S.Kennedy, Lyndon and Chang, Shih-Fu",
title="Video Search Reranking via Information Bottleneck Principle",
booktitle="ACM Multimedia",
year=2006,
pages="23-27",
}


@book{Witold.Pedrycz:1998,
author="Pedrycz, Witold and Gomide, Fernando",
title="An introduction to fuzzy sets : analysis and design",
publisher="Cambridge, Mass.: MIT Press",
year=1998,
}


@inproceedings{Wujie.Zheng:CIVR:2006,
author="Zheng, Wujie and Li, Jianmin and Si, Zhangzhang and Lin, Fuzong and Zhang, Bo",
title="Using High-Level Semantic Features in Video Retrieval",
booktitle="CIVR",
year=2006,
}


@inproceedings{X.Li:COLING:2002,
author="X.Li and D.Roth",
title="Learning Question Classifiers",
booktitle="COLING'02",
year=2002,
}


@techreport{Xiao-Yong.Wei:2007,
author="Wei, Xiao-Yong",
title="Ontology-based Video Retrieval",
institution="City University of Hong Kong",
year=2007,
}


@inproceedings{Xiao-Yong.Wei:ACMMM:2007,
author="Wei, Xiao-Yong and Ngo, Chong-Wah",
title="Ontology-Enriched Semantic Space for Video Search",
booktitle="ACM MM",
year=2007,
}


@inproceedings{Xirong.Li:CIVR:2007,
author="Li, Xirong and Wang, Dong and Li, Jianmin and Zhang, Bo",
title="Video Search in Concept Subspace: A Text-Like Paradigm",
booktitle="CIVR",
year=2007,
}


@inproceedings{Y.G.Jiang:CIVR:2007,
author="Jiang, Y.G. and Ngo, C.W. and Yang, J.",
title="Towards Optimal Bag-of-Features for Object Categorization and Semantic Video Retrieval",
booktitle="CIVR",
year=2007,
}


@inproceedings{Y.Rui:ACMM:2000,
author="Rui, Y. and Gupta, A. and Acero",
title="Automatically extracting highlights for TV baseball programs",
booktitle="ACM Multimedia",
year=2000,
pages="105-115",
}


@inproceedings{R.Yan:ICME:2006,
author="Yan, R. and Hauptmann, A. and Chen, M-Y.",
title="Mining Relationship Between Video Concepts using Probabilistic Graphical Models",
booktitle="ICME",
year=2006,
}


@inproceedings{Yi.Wu:IEEEICOME:2004,
author="Wu, Yi and Tseng, Belle L. and Smith, J.R.",
title="Ontology-based multi-classification learning for video concept detection",
booktitle="IEEE Intl.Conf.On Multimedia and Expo",
year=2004,
pages="1003-1006",
}


@inproceedings{Yohan.Jin:MM:2005,
author="Jin, Yohan and Khan, Latifur and Wang, Lei and Awad, Mamoun",
title="Image Annotations By Combining Multiple Evidence & WordNet",
booktitle="MM",
year=2005,
}


@inproceedings{Yu-Gang.Jiang:NISTTRECVID:2006,
author="Jiang, Yu-Gang and Wei, Xiaoyong and Ngo, Chong-Wah and Tan, Hung-Khoon and Zhao, Wanlei and Wu, Xiao",
title="Modeling Local Interest Points for Semantic Detection and.Video Search at TRECVID 2006",
booktitle="NIST TRECVID",
year=2006,
pages="87-98",
}


@inproceedings{Yuli.Gao:TACMICM:2006,
author="Gao, Yuli and Fan, Jianping",
title="Automatic Function Selection for Large Scale Salient Object Detection",
booktitle="The 14th ACM International Conference on Multimedia",
year=2006,
pages="97-100",
}


@inproceedings{W.Zhibiao:AMACL:1994,
author="Zhibiao, W. and M.Palmer",
title="Verb Semantic and Lexical Selection",
booktitle="Annual Meeting of the ACL",
year=1994,
pages="133-138",
}


@inproceedings{Zijian.Zheng:ACMSIGKDD:2001,
author="Zheng, Zijian and Kohavi, Ron and Mason, Llew",
title="Real World Performance of Association Rule Algorithms",
booktitle="ACM SIGKDD",
year=2001,
}
